
    
\bibitem{AndridgeLittle2010}    Andridge, R.R. and Little, R. J. A. {\em A Review of Hot Deck Imputation for Survey Non-Response} International statistical review (2010): 78.1, 40â--64. PMC. Web. 27 Sept. 2017.

\bibitem{PMM} Little, R.J.A, {\em Missing-data adjustments in large surveys}, Journal of Business and Economic Statistics. (1988): 6, 287--296.

\bibitem{Mardia2013} Mardia K.V. et. al.  {\em Bayesian alignment of similarity shapes}, The annals of applied statistics. (2013):7(2):989-1009. doi:10.1214/12-AOAS615.

\bibitem{EM} Dempster, A.P., Laird, N.M., and Rubin, D.B. (1977) Maximum Likelihood from Incomplete Data via the {EM} Algorithm. Journal of the Royal Statistical Society. Series B (Methodological), 39(1), 1-38.


\bibitem{LittleRubin1987} Little, R.J.A. and Rubin, D.B.  {\em Statistical Analysis with Missing Data}, John Wiley \& Sons,  1987.  

\bibitem{Brophy2014} Brophy, J.K., de Ruiter, D.J., Athreya, S., DeWitt, T.J. 2014. Quantitative morphological analysis of bovid teeth and its implications for paleoenvironmental reconstructions in South Africa. {\it Journal of Archaeological Science}. (2014): 41,376-388.


\bibitem{DrydenAndMardiaBook} Dryden, I.L. and Mardia, K.V. Statistical Shape Analysis: With Applications in R, 2nd Edition, 2016.

\bibitem{Green1952} Green, B.F. {\em The othogonal approximation of an oblique structure in factor analysis},  Psychometrika. (1952): 17, 429-440.  

\bibitem{Goodall1991} Goodall, C.R. and Mardia, K.V. {\em A geometrical derivation of the shape density},  Advances in Applied Probability.  (1991): 23, 496-514.

\bibitem{Kent1994} Kent, J.T. {\em The Complex Bingham Distribution and Shape Analysis},  Journal of the Royal Statistical Society. Series B (Methodological)  (1994): 56(2), 285-299.


\bibitem{Matthews2017} Matthews, G.J., Journal of Applied Statistics.  2017

\bibitem{Brown2012} Brown, C., Arbour, J. and Jackson, D.  {\em Testing of the Effect of Missing Data Estimation and Distribution in Morphometric Multivariate Data Analyses}, Systematic Biology. (2012): 61(6), 941-954.



\bibitem{OHiggins1989} {\em A morphometric study of cranial shape in Hominoidea}, PhD thesis.  University of Leeds.  

\bibitem{OHigginsDryden1993} {\em Sexual dimorphism in hominoids: further studies of craniofacial shape differences in pan, gorilla, pongo}, Journal of Human Evolution. (1993): 25, 183-205. 

\bibitem{GoodallLange1989} {\em Growth curve models for correlated traingular shapes} In: Proceedings of the 21st Symposium on the Interface between Computing Science and Statistics. (eds. Berk, K. and Malone, L.) 445-454.  Interface Foundation, Fairfax Station.


\bibitem{Bookstein1986} Bookstein, {\em Size and shape spaces for landmark data in two dimensions (with discussion)}, Statistical Science. (1986): 1, 181-242. 

\bibitem{Lestrel1989} Lestrel, P.E. {\em Method for analyzing complex two-dimensional forms: Elliptical Fourier functions}, (1989): 1(2), 149-164.

\bibitem{Lestrel1997} Lestrel, P.E. {\em Fourier Descriptors and their Applications in Biological Science}, (1997) Cambridge University Press, Cambridge.   


\bibitem{Clavel2014} Missing Data Estimation in Morphometrics: How Much is Too Much?

\bibitem{Arbour2014} Incomplete specimens in geometricmorphometric
analyses.  Arbour, J. and Brown, C. Methods in Ecology and Evolution 2014, 5, 16â26

\bibitem{DrydenEtAl2007} Dryden, I.L., Hirst, J.D., and Melville, J.L. (2007) Statistical Analysis of unlabeled points sets: comparing molecules in chemoinformatics. Biometrics, 63(1): 237-251. 

\bibitem{CzogielEtAl2011} Czogiel, I., Dryden, I.L., and Brignell, C.J. (2011). Bayesian matching of unlabeled marked point sets using random fields, with application to molecular alignment.  Annals of Applied Statistics. 5:2603-2629.

\bibitem{Bookstein1996} Bookstein, F.L. (1996) Landmark methods for forms without landmarks: morphometrics of group differences in outline shape. Medical Image Analysis.  1: 225-243.  

\bibitem{BrignellEtAl2010} Brignell, C.J., Dryde, I.L., Gattone, S.A., et. al. (2010) Surface shape analysis, with an application to brain surface asymmetry in schizophrenia.  Biostatistics, 11: 609-630.  


@article{GreenAndMardia2004,
author = {Green, P.J. and Mardia, I.L.},
title = {Bayesian alignment using hierarchical models, with applications in protein bioinformatics},
journal = {Biometrika},
volume = {93},
year = {2004},
pages = {235--254}
}

@article{HorganEtAl1992,
author = {Horgan, G.W., Creasey, A. and Fenton, B.},
title = {Superimposing two-dimensional gels to study genetics variation in malaria parasites},
journal = {Electrophoresis},
volume = {13},
year = {1992},
pages = {871-875}
}


@article{Lohman1983,
author = {Lohman, G.P.},
title = {Eigenshape analysis of micro fossils: a general morphometric procedure for describing changes in shape},
journal = {Mathematical Geology},
volume = {15},
year = {1983},
pages = {659--672}
}


@article{MardiaAndDryden1989,
author = {Mardia, K.V. and Dryden, I.L.},
title = {Shape distributions for landmark data},
journal = {Advances in Applied Probability},
volume = {21},
year = {1989},
pages = {742--755}
}

@article{ZahnAndRoskies1972,
author = {Zahn, C.T and Roskies, R.Z.},
title = {Fourier descriptors for plane closed curved},
journal = {IEEE Transactions on Computers.},
volume = {C-21},
year = {1972},
number = {3},
pages = {269--281}
}
  


@article{Bookstein1997,
author = {Bookstein, F.L.},
title = {Landmark methods for forms without landmarks: morphometrics of group differences in outline shape},
journal = {Medical Image Analysis},
volume = {1},
year = {1997},
number = {3},
pages = {225--243}
}

@article{Kendall1984,
author = {Kendall, D.G.},
title = {Shape manifolds, procrustean metrics, and complex projective
spaces},
journal = {Bulletin of the London Mathematical Society},
volume = {16},
year = {1984},
number = {2},
pages = {81--121}
}

@article{LeAndKendall1993,
author = {Le, H. and Kendall, D.G.},
title = {The riemannian structure of euclidean shape spaces:
A novel environment for statistics.},
journal = {The Annals of Statistics},
volume = {31},
year = {1993},
number = {3}
}

@article{SiddiqueHarel2009,
author = {Siddique, J. and Harel, O.},
title = {MIDAS: A SAS Macro for Multiple Imputation Using Distance-Aided Selection of Donors},
journal = {Journal of Statistical Software},
volume = {29},
year = {2009},
number = {9}
}






@article{SiddiqueBelin2008,
author = {Siddique, J. and Belin, T.R.},
title = {Multiple Imputation Using an Iterative Hot-Deck with Distance-Based Donor Selection},
journal = {Statistics in Medicine},
volume = {27},
year = {2008},
pages = {87--103}
}





@manual{Wolfe1999,
  title        = {EFF23 2-D and 3-D Elliptical Fourier Functions. },
  author       = {Wolfe, C. A. and Lestrel, P. E. and Read, D. W. }, 
  organization = {},
  address      = {},
  edition      = {PC/MS-DOS Version 4.0},
  year         = 1999,
  note         = {Software Description and User?s Manual}
}
	



@phdthesis{Brophy2011,
    title    = {Reconstructing the Habitat Mosaic Associated with Australopithecus robustus: Evidence from Quantitative Morphological Analysis of Bovid Teeth},
    school   = {Texas A\&M University, College Station, Texas, USA},
    author   = {Brophy, J.K. },
    year     = {2011}
}

@incollection{AdamsConroy2005,
  author      = {Adams, J.W. and Conroy, G.C.},
  title       = {Plio-Pleistocene faunal remains from the Gondolin GD 2 in situ assemblage, North West Province, South Africa.},
  editor      = {Lieberman, D. and Smith, R.J. and  Kelley, J.},
  booktitle   = {Interpreting the Past: Essays on Human, Primate and Mammal Evolution in Honor of David Pilbeam},
  publisher   = {Brill Academic Publishers},
  address     = {Boston},
  year        = {2005},
  pages       = {243--261}
}


@article{deRuiter2008,
author = {deRuiter, D.J. and Brophy, J.K. and Lewis, P.J. and Churchill, S.E. and Berger, L.R.},
title = {Faunal assemblage composition and paleoenvironment of Plovers Lake, a Middle Stone Age locality in Gauteng Province, South Africa},
journal = {Journal of Human Evolution},
volume = {55},
year = {2008},
number = {5},
pages = {1102--1117}
}

