@article{KurtekJASA,
  author={S. Kurtek and A. Srivastava and E. Klassen and Z. Ding},
  title={Statistical Modeling of Curves Using Shapes and Related Features},
  journal={Journal of the American Statistical Association},
  year=2012,
  volume={107},
  number={499},
  pages={1152-1165},
}
@article{SrivESA,
	author = "A. Srivastava and E. Klassen and S. H. Joshi and I. H. Jermyn",
	year = "2011",
	title = "Shape Analysis of Elastic Curves in {E}uclidean Spaces",
	journal = "IEEE Transactions on Pattern Analysis and Machine Intelligence",
	volume = "33",
	pages = "1415-1428"
}
@article{FK,
year={1972},
journal={Annals of Mathematical Statistics},
volume={43},
title={A Representation of Independent Increments Processes without {G}aussian Components},
author={T. S. Ferguson and M. J. Klass},
pages={1634-1643},
}
@article{WL,
year={2001},
journal={Stochastic process: theory and methods},
volume={19},
title={Gaussian process: inequalities, small ball probabilities and applicaitons},
author={W. V. Li and Q. -M. Shao},
pages={533-597},
}
@article{CR,
year={2016},
journal={Journal of Multivariate Analysis},
volume={146},
title={Adaptive estimation in the functional nonparametric regression model},
author={G. Changy and A. Roche},
pages={105-118},
}
@article{AM,
year={2012},
journal={Electronic Journal of Statistics},
volume={6},
title={Lower bound in regression for functional data by representation of small ball probabilities},
author={A. Mas},
pages={1745-1178},
}
@article{TF,
	year={1973},
	journal={Annals of Statistics},
	volume={1},
	title={A {B}ayesian Analysis of Some Nonparametric Problems},
	author={T. S. Ferguson},
	pages={209-230},
}
@book{bogachev,
 author = "V. I. Bogachev",
 title = "{Gaussian Measures}",
 year = 1998,
 publisher ={American Mathematical Society }
 }
 @book{FV,
 author = "F. Ferraty and P. Vieu",
 title = "{Nonparametric Functional Data Analysis: Theory and Practice}",
 year = 2006,
 publisher ={Springer Series in Statistics}
 }
 @book{AK,
 author = "A. Srivastava and E. P. Klassen",
 title = "{Functional and Shape Data Analysis}",
 year = 2016,
 publisher ={Springer-Verlag, New York}
 }
 @book{MD,
 author = "I. L. Dryden  and K. V. Mardia",
 title = "{Statistical Shape Analysis}",
 year = 1998,
 publisher ={John Wiley \& Sons, Chichester}
 }
 @book{bill,
 	author = "P. Billingsley",
 	title = "{Weak Convergence of Probability Measures}",
 	year = 1968,
 	publisher = {John Wiley and Sons, New York}
 }
@phdthesis{DynPro,
	author = "D. T. Robinson",
	title = "Functional Data Analysis and Partial Shape Matching in the Square Root Velocity Framework",
	school = "Florida State University",
	year = "2012"
}
@article{AS,
	year={2011},
	journal={arXiv:1103.3817v2},
	title={Registration of functional data using the \uppercase{F}isher--\uppercase{R}ao metric},
	author={A. Srivastava and W. Wu and S. Kurtek and E. Klassen and J. S. Marron},
}
@article{LRK,
	year={2015},
	journal={Geometry, Imaging and Computing},
	title={Precise matching of {PL} curves in $\mathbb{R}^N$ in the {S}quare {R}oot {V}elocity framework},
	author={S. Lahiri and D. Robinson and E. Klassen},
	pages={133-186},
}

